@article{greenwade93,
    author  = "Логвинова Катуа",
    title   = "The {C}omprehensive {T}ex Archive {N}etwork ({CTAN})",
    year    = "2023",
    journal = "TUGBoat",
    volume  = "14",
    number  = "3",
    pages   = "342--351"
}